<?xml version="1.0" encoding="UTF-8"?><collection xmlns="http://www.loc.gov/MARC21/slim"><record><leader>00441nam--2200133-i-4500</leader><controlfield tag="001">000000063</controlfield><controlfield tag="002">20161230</controlfield><controlfield tag="005">20161230201023</controlfield><controlfield tag="008">060222s1000------------r-----000-0-eng-d</controlfield><datafield ind1=" " ind2=" " tag="080"><subfield code="a">621.386(043)</subfield></datafield><datafield ind1=" " ind2=" " tag="100"><subfield code="a">Frichet, Alain</subfield></datafield><datafield ind1=" " ind2=" " tag="245"><subfield code="a">Alignement optique a moins ou plus 0,05 micrometres de motifs dans de deux plans rapproches pour machine de duplication a rayons x.these</subfield></datafield><datafield ind1=" " ind2=" " tag="260"><subfield code="a">Orsay, L`Universite De Paris-sud.  148 P</subfield></datafield><datafield ind1=" " ind2=" " tag="852"><subfield code="a">75724</subfield></datafield></record></collection>